@book{baker1996pade,
  title={Pad{\'e} approximants},
  author={Baker, George A and Baker Jr, George A and BAKER JR, GEORGE A and Graves-Morris, Peter and Baker, Susan S},
  volume={59},
  year={1996},
  publisher={Cambridge University Press}
}
@book{inftofinitedim,
  title={DMFT: From Infinite Dimensions to Real Materials Modeling and Simulation Vol.8},
  author={E. Pavarini and E. Koch and A. Lichtenstein and D. Vollhardt},
  isbn={978-3-95806-313-6},
  url={http://www.cond-mat.de/events/correl18},
  year={2018},
}

@article{freqdependU,
  title = {Frequency-dependent local interactions and low-energy effective models from electronic structure calculations},
  author = {Aryasetiawan, F. and Imada, M. and Georges, A. and Kotliar, G. and Biermann, S. and Lichtenstein, A. I.},
  journal = {Phys. Rev. B},
  volume = {70},
  issue = {19},
  pages = {195104},
  numpages = {8},
  year = {2004},
  month = {Nov},
  publisher = {American Physical Society},
  doi = {10.1103/PhysRevB.70.195104},
  url = {https://link.aps.org/doi/10.1103/PhysRevB.70.195104}
}

@phdthesis
{najeraphd,
title={Study of the dimer Hubbard Model within Dynamical Mean Field Theory and its application to VO2},
author={Oscar Najera},
school={Universite Paris-Sud},
year={2017}
}


@phdthesis
{backesphd,
title={Density functional theory and dynamical mean-field theory: A way to model strongly correlated systems},
author={Steffen Backes},
school={Goethe Universität Frankfurt},
year={2016}
}

@phdthesis
{li.gangphd,
title={Non-Local Corelations within Dynamial Mean Field Theory},
author={Li. Gang},
school={Mathematisch Naturwissenschaftlichen Fakultaet},
year={2008}
}

@article{benchmark2Dcubic,
  title = {On the dangers of partial diagrammatic summations: Benchmarks for the two-dimensional Hubbard model in the weak-coupling regime},
  author = {Gukelberger, Jan and Huang, Li and Werner, Philipp},
  journal = {Phys. Rev. B},
  volume = {91},
  issue = {23},
  pages = {235114},
  numpages = {13},
  year = {2015},
  month = {Jun},
  publisher = {American Physical Society},
  doi = {10.1103/PhysRevB.91.235114},
  url = {https://link.aps.org/doi/10.1103/PhysRevB.91.235114}
}

@phdthesis
{gullphd,
title={Continuous-Time Quantum Monte Carlo Algorithms for Fermions},
author={E. Gull},
school={Institut fur Theoretische Physik},
year={2008}
}

@phdthesis
{helmesphd,
title={Dynamical Mean Field Theory of inhomogeneous correlated systems},
author={R. Helmes},
school={Mathematisch Naturwissenschaftlichen Fakultaet},
year={2008}
}

@article{review-gwdmft,
  title = {Dynamical Screening Effects in Correlated Electron Materials -- A Progress Report on Combined Many-Body Perturbation and Dynamical Mean Field Theory: "GW + DMFT"},
  author = {S. Biermann},
  journal = {J. Phys.: Condens. Matter 26 173202},
  year = {2014},
  month = {December},
  doi = {10.1088/0953-8984/26/17/173202},
  url = {arXiv:1412.8405v1}
}

@article{Review-georges,
  title = {Dynamical mean-field theory of strongly correlated fermion systems and the limit of infinite dimensions},
  author = {Georges, Antoine and Kotliar, Gabriel and Krauth, Werner and Rozenberg, Marcelo J.},
  journal = {Rev. Mod. Phys.},
  volume = {68},
  issue = {1},
  pages = {13--125},
  numpages = {0},
  year = {1996},
  month = {Jan},
  publisher = {American Physical Society},
  doi = {10.1103/RevModPhys.68.13},
  url = {https://link.aps.org/doi/10.1103/RevModPhys.68.13}
}

@book{ct-hyb-wiki,
title={https://github.com/ALPSCore/CT-HYB/wiki/Input-parameters}
}

@article{kotlier-CDMFT,
  title = {Cellular Dynamical Mean Field Approach to Strongly Correlated Systems},
  author = {G. Kotliar and S. Y. Savrasov and G. Palsson and G. Biroli},
  journal = {Phys. Rev. Letters},
  year = {2001},
  month = {October},
  doi = {10.1103/PhysRevLett.87.186401},
}

@book{senechal_clusternotes,
  title={An introduction to quantum cluster methods - Lectures note of CIFAR-PITP International Summer School on Numerical Methods for Correlated Systems in Condensed Matter},
  author={D. Sénéchal},
  year={2008},
}

@article {Ronning-CCOCARPES,
	author = {Ronning, F. and Kim, C. and Feng, D. L. and Marshall, D. S. and Loeser, A. G. and Miller, L. L. and Eckstein, J. N. and Bozovic, I. and Shen, Z.-X.},
	title = {Photoemission Evidence for a Remnant Fermi Surface and a d-Wave-Like Dispersion in Insulating Ca2CuO2Cl2},
	volume = {282},
	number = {5396},
	pages = {2067--2072},
	year = {1998},
	doi = {10.1126/science.282.5396.2067},
	publisher = {American Association for the Advancement of Science},
	abstract = {An angle-resolved photoemission study is reported on Ca2CuO2Cl2, a parent compound of high-T c superconductors. Analysis of the electron occupation probability, n(k), from the spectra shows a steep drop in spectral intensity across a contour that is close to the Fermi surface predicted by the band calculation. This analysis reveals a Fermi surface remnant, even though Ca2CuO2Cl2 is a Mott insulator. The lowest energy peak exhibits a dispersion with approximately the |coskxa {\textendash} coskya| form along this remnant Fermi surface. Together with the data from Dy-doped Bi2Sr2CaCu2O8+δ, these results suggest that this d-wave{\textendash}like dispersion of the insulator is the underlying reason for the pseudo gap in the underdoped regime.},
	issn = {0036-8075},
	URL = {https://science.sciencemag.org/content/282/5396/2067},
	eprint = {https://science.sciencemag.org/content/282/5396/2067.full.pdf},
	journal = {Science}
}

@article {Norman-FS_destruction,
	author = {Norman, M. R. and Ding, H. and Randeria, M. and Campuzano, J. C. and Yokoya, T. and Takeuchi, T. and Takahashi, T. and Mochiku, T. and Kadowaki, K. and Guptasarma, P. and Hinks, D. G.},
	title = {Destruction of the Fermi surface in underdoped high-Tc superconductors},
	volume = {392},
	year = {1998},
	doi = {https://doi.org/10.1038/32366},
	journal = {Nature},
}

@article{damscelli-cuprates-review,
author = {Damascelli, Andrea and Hussain, Zahid and Shen, Zhi-Xun},
year = {2003},
month = {04},
pages = {473-541},
title = {Angle-resolved Photoemission Studies of the Cuprate Superconductors},
volume = {75},
journal = {Reviews of Modern Physics - REV MOD PHYS},
doi = {10.1103/RevModPhys.75.473}
}

@article{alloul-PGdiscovery,
title = {sup 89 Y NMR evidence for a fermi-liquid behavior in YBa sub 2 Cu sub 3 O sub 6+x},
author = {Alloul, H. and Ohno, T. and Mendels, P.},
abstractNote = {We report NMR shift {Delta}K and T{sub 1} data of {sup 89}Y taken from 77 to 300 K in YBa{sub 2}Cu{sub 3}O{sub 6+x} for 0.35 {lt} x {lt} 1, from the insulating to the metallic state. A Korringa law and therefore a Fermi-liqud picture is found to apply for the spin part K{sub s} of {Delta}K. The spin contribution {chi}{sub s}(x,T) to {chi}{sub m} is singled out, as the T variation of {Delta}K scales linearly with the macroscopic susceptibility {chi}{sub m}. This implies that Cu(3d) and O(2p) holes do not have independent degrees of freedom. Their hybridization, which has a {sigma} character, hardly varies with doping. These results put severe constraints on theoretical models of high-T{sub c} cuprates.},
doi = {10.1103/PhysRevLett.63.1700},
journal = {Physical Review Letters; (USA)},
issn = {0031-9007},
number = ,
volume = 63:16,
place = {United States},
year = {1989},
month = {10}
} 

@article{lichtenstein2000antiferromagnetism,
  title={Antiferromagnetism and d-wave superconductivity in cuprates: A cluster dynamical mean-field theory},
  author={Lichtenstein, AI and Katsnelson, MI},
  journal={Physical Review B},
  volume={62},
  number={14},
  pages={R9283},
  year={2000},
  publisher={APS}
}

@article{huscroft2001pseudogaps,
  title={Pseudogaps in the 2D Hubbard model},
  author={Huscroft, C and Jarrell, M and Maier, Th and Moukouri, S and Tahvildarzadeh, AN},
  journal={Physical review letters},
  volume={86},
  number={1},
  pages={139},
  year={2001},
  publisher={APS}
}

@article{Scalapino-rev,
  title = {A common thread: The pairing interaction for unconventional superconductors},
  author = {Scalapino, D. J.},
  journal = {Rev. Mod. Phys.},
  volume = {84},
  issue = {4},
  pages = {1383--1417},
  numpages = {0},
  year = {2012},
  month = {Oct},
  publisher = {American Physical Society},
  doi = {10.1103/RevModPhys.84.1383},
  url = {https://link.aps.org/doi/10.1103/RevModPhys.84.1383}
}

@article{maier-cluster-theories,
  title = {Quantum cluster theories},
  author = {Maier, Thomas and Jarrell, Mark and Pruschke, Thomas and Hettler, Matthias H.},
  journal = {Rev. Mod. Phys.},
  volume = {77},
  issue = {3},
  pages = {1027--1080},
  numpages = {0},
  year = {2005},
  month = {Oct},
  publisher = {American Physical Society},
  doi = {10.1103/RevModPhys.77.1027},
  url = {https://link.aps.org/doi/10.1103/RevModPhys.77.1027}
}

@article{Zhang-rice-singlet,
  title = {Effective Hamiltonian for the superconducting Cu oxides},
  author = {Zhang, F. C. and Rice, T. M.},
  journal = {Phys. Rev. B},
  volume = {37},
  issue = {7},
  pages = {3759--3761},
  numpages = {0},
  year = {1988},
  month = {Mar},
  publisher = {American Physical Society},
  doi = {10.1103/PhysRevB.37.3759},
  url = {https://link.aps.org/doi/10.1103/PhysRevB.37.3759}
}

@article{ct-hyb-paper,
  title={Continuous-time hybridization expansion quantum impurity solver for multi-orbital systems with complex hybridizations},
  author={Shinaoka, Hiroshi and Gull, Emanuel and Werner, Philipp},
  journal={Computer Physics Communications},
  volume={215},
  pages={128--136},
  year={2017},
  publisher={Elsevier}
}

@article{CTQMC-paper,
  title={Continuous-time quantum Monte Carlo method for fermions},
  author={Rubtsov, Alexey N and Savkin, Vladimir V and Lichtenstein, Alexander I},
  journal={Physical Review B},
  volume={72},
  number={3},
  pages={035122},
  year={2005},
  publisher={APS}
}

@article{wien2k-paper,
  title={wien2k},
  author={Blaha, Peter and Schwarz, Karlheinz and Madsen, Georg KH and Kvasnicka, Dieter and Luitz, Joachim},
  journal={An augmented plane wave+ local orbitals program for calculating crystal properties},
  year={2001}
}

@article{Anderson-impurity,
  title = {Localized Magnetic States in Metals},
  author = {Anderson, P. W.},
  journal = {Phys. Rev.},
  volume = {124},
  issue = {1},
  pages = {41--53},
  numpages = {0},
  year = {1961},
  month = {Oct},
  publisher = {American Physical Society},
  doi = {10.1103/PhysRev.124.41},
  url = {https://link.aps.org/doi/10.1103/PhysRev.124.41}
}

@article{Gull-sign-problem,
  title = {Continuous-time Monte Carlo methods for quantum impurity models},
  author = {Gull, Emanuel and Millis, Andrew J. and Lichtenstein, Alexander I. and Rubtsov, Alexey N. and Troyer, Matthias and Werner, Philipp},
  journal = {Rev. Mod. Phys.},
  volume = {83},
  issue = {2},
  pages = {349--404},
  numpages = {0},
  year = {2011},
  month = {May},
  publisher = {American Physical Society},
  doi = {10.1103/RevModPhys.83.349},
  url = {https://link.aps.org/doi/10.1103/RevModPhys.83.349}
}

@article{hopping-param-paper,
  title = {Universality of scanning tunneling microscopy in cuprate superconductors},
  author = {Choubey, Peayush and Kreisel, Andreas and Berlijn, T. and Andersen, Brian M. and Hirschfeld, P. J.},
  journal = {Phys. Rev. B},
  volume = {96},
  issue = {17},
  pages = {174523},
  numpages = {13},
  year = {2017},
  month = {Nov},
  publisher = {American Physical Society},
  doi = {10.1103/PhysRevB.96.174523},
  url = {https://link.aps.org/doi/10.1103/PhysRevB.96.174523}
}

@article{cavity-method,
  title={The cavity method at zero temperature},
  author={M{\'e}zard, Marc and Parisi, Giorgio},
  journal={Journal of Statistical Physics},
  volume={111},
  number={1-2},
  pages={1--34},
  year={2003},
  publisher={Springer}
}

@book{grassmann-variables,
  title={An introduction to quantum field theory},
  author={Peskin, Michael E},
  year={2018},
  publisher={CRC Press}
}


@article{maxent-paper,
  title={Implementation of the maximum entropy method for analytic continuation},
  author={Levy, Ryan and LeBlanc, JPF and Gull, Emanuel},
  journal={Computer Physics Communications},
  volume={215},
  pages={149--155},
  year={2017},
  publisher={Elsevier}
}

@article{kunevs2010wien2wannier,
  title={Wien2wannier: From linearized augmented plane waves to maximally localized Wannier functions},
  author={Kune{\v{s}}, Jan and Arita, Ryotaro and Wissgott, Philipp and Toschi, Alessandro and Ikeda, Hiroaki and Held, Karsten},
  journal={Computer Physics Communications},
  volume={181},
  number={11},
  pages={1888--1895},
  year={2010},
  publisher={Elsevier}
}

@article{optical-conduct,
  title={Hubbard model at infinite dimensions: Thermodynamic and transport properties},
  author={Pruschke, Th and Cox, Dan L and Jarrell, Mark},
  journal={Physical Review B},
  volume={47},
  number={7},
  pages={3553},
  year={1993},
  publisher={APS}
}

@article{jarrell1995optical,
  title={Optical conductivity of the infinite-dimensional Hubbard model},
  author={Jarrell, Mark and Freericks, James K and Pruschke, Th},
  journal={Physical Review B},
  volume={51},
  number={17},
  pages={11704},
  year={1995},
  publisher={APS}
}



